<record><leader>00000cas a22000007a 4500</leader><controlfield tag="001">14277848</controlfield><controlfield tag="008">860929d19011904txuwr ne      0    0eng d</controlfield><datafield ind1=" " ind2=" " tag="010"><subfield code="a">sn 86089330 </subfield></datafield><datafield ind1=" " ind2=" " tag="040"><subfield code="a">PPM</subfield><subfield code="b">eng</subfield><subfield code="c">PPM</subfield><subfield code="d">OCLCQ</subfield></datafield><datafield ind1=" " ind2=" " tag="042"><subfield code="a">msc</subfield></datafield><datafield ind1="0" ind2="4" tag="245"><subfield code="a">The Rustler.</subfield></datafield><datafield ind1=" " ind2=" " tag="260"><subfield code="a">Robert Lee, Tex. :</subfield><subfield code="b">Tom Durham,</subfield><subfield code="c">1901-</subfield></datafield><datafield ind1=" " ind2=" " tag="300"><subfield code="a">v. :</subfield><subfield code="b">ill. (chiefly advertisements)</subfield></datafield><datafield ind1=" " ind2=" " tag="310"><subfield code="a">Weekly</subfield></datafield><datafield ind1="0" ind2=" " tag="362"><subfield code="a">Vol. 11, no. 17 (Oct. 11, 1901)-</subfield></datafield><datafield ind1=" " ind2=" " tag="752"><subfield code="a">United States</subfield><subfield code="b">Texas</subfield><subfield code="c">Coke</subfield><subfield code="d">Robert Lee.</subfield></datafield><datafield ind1="0" ind2="0" tag="785"><subfield code="t">Robert Lee observer</subfield></datafield></record>